<?xml version="1.0" encoding="UTF-8" ?>
<collection xmlns:xsi="http://www.w3.org/2001/XMLSchema-instance" xsi:schemaLocation="http://www.loc.gov/MARC21/slim http://www.loc.gov/standards/marcxml/schema/MARC21slim.xsd" xmlns="http://www.loc.gov/MARC21/slim">
   <record>
      <leader>     mam a22      a 4500</leader>
      <controlfield tag="001">2950259</controlfield>
      <controlfield tag="003">COO</controlfield>
      <controlfield tag="005">20130330211203.0</controlfield>
      <controlfield tag="008">910415q19001997ua            000 0 ara c</controlfield>
      <datafield tag="035" ind1=" " ind2=" ">
         <subfield code="a">(NIC)notisAPM2982</subfield>
      </datafield>
      <datafield tag="035" ind1=" " ind2=" ">
         <subfield code="a">(OCoLC)64739665</subfield>
      </datafield>
      <datafield tag="035" ind1=" " ind2=" ">
         <subfield code="a">2950259</subfield>
      </datafield>
      <datafield tag="040" ind1=" " ind2=" ">
         <subfield code="a">NIC</subfield>
         <subfield code="c">NIC</subfield>
      </datafield>
      <datafield tag="042" ind1=" " ind2=" ">
         <subfield code="a">pcc</subfield>
      </datafield>
      <datafield tag="050" ind1=" " ind2="4">
         <subfield code="a">PJ6161</subfield>
      </datafield>
      <datafield tag="100" ind1="1" ind2=" ">
         <subfield code="a">Minyāwī, Makhlūf ibn Muḥammad,</subfield>
         <subfield code="d">-1878.</subfield>
      </datafield>
      <datafield tag="245" ind1="1" ind2="0">
         <subfield code="a">Ḥāshiyat al-fāḍil al-shahīr ... Makhlūf al-Minyāwī ʻalá Sharḥ ... Aḥmad al-Damanhūrī li-matn al-Imām al-Akhḍarī al-musammá bi-al-Jawhar al-maknūn fī al-maʻānī wa-al-bayān wa-al-badīʻ /</subfield>
         <subfield code="c">Makhlūf al-Minyāwī. Wa-bi-aʻlá al-ṣaḥīfah Sharḥ al-jawhar al-maknūn ... / Aḥmad al-Damanhūrī.</subfield>
      </datafield>
      <datafield tag="246" ind1="1" ind2="3">
         <subfield code="a">Sharḥ al-jawhar al-maknūn</subfield>
      </datafield>
      <datafield tag="260" ind1=" " ind2=" ">
         <subfield code="a">Miṣr :</subfield>
         <subfield code="b">Dār Iḥyāʼ al-kutub al-ʻArabīyah,</subfield>
         <subfield code="c">[19--?]</subfield>
      </datafield>
      <datafield tag="300" ind1=" " ind2=" ">
         <subfield code="a">180 p. ;</subfield>
         <subfield code="c">27 cm.</subfield>
      </datafield>
      <datafield tag="600" ind1="1" ind2="0">
         <subfield code="a">Akhḍarī, ʻAbd al-Raḥmān ibn Muḥammad, fl.1543.</subfield>
         <subfield code="t">Jawhar al-maknūn.</subfield>
      </datafield>
      <datafield tag="600" ind1="1" ind2="0">
         <subfield code="a">Damanhūrī, Aḥmad ibn ʻAbd al-Munʻim.</subfield>
         <subfield code="t">Hilyat al-lubb al-maṣūn.</subfield>
      </datafield>
      <datafield tag="650" ind1=" " ind2="0">
         <subfield code="a">Arabic language</subfield>
         <subfield code="x">Rhetoric.</subfield>
      </datafield>
      <datafield tag="700" ind1="1" ind2="2">
         <subfield code="a">Damanhūrī, Aḥmad ibn ʻAbd al-Munʻim.</subfield>
         <subfield code="t">Hilyat al-lubb al-maṣūn.</subfield>
         <subfield code="f">1900.</subfield>
      </datafield>
      <datafield tag="905" ind1=" " ind2=" ">
         <subfield code="a">19970619120000.0</subfield>
      </datafield>
      <datafield tag="948" ind1="2" ind2=" ">
         <subfield code="a">20100509</subfield>
         <subfield code="b">m</subfield>
         <subfield code="d">batch</subfield>
         <subfield code="e">lts</subfield>
         <subfield code="x">del9XXtxt</subfield>
      </datafield>
      <datafield tag="995" ind1=" " ind2=" ">
         <subfield code="a">Hivolm</subfield>
         <subfield code="d">20100509</subfield>
      </datafield>
      <datafield tag="903" ind1=" " ind2=" ">
         <subfield code="a">NYUACO</subfield>
         <subfield code="d">20131119</subfield>
         <subfield code="p">31924079878983</subfield>
      </datafield>
      <datafield tag="950" ind1=" " ind2=" ">
         <subfield code="a">Oversize</subfield>
         <subfield code="b">PJ6161 .M66 1900 +</subfield>
         <subfield code="v"> </subfield>
      </datafield>
   </record>
</collection>
